@article{roger1987stan,
  title={Stan Ulam, John Von Neumann, and the Monte Carlo Method},
  author={R. Eckhardt},
  journal={Los Alamos Science},
  number={15},
  pages={131--137},
  year={1987},
  pdf={https://edisciplinas.usp.br/pluginfile.php/4946238/mod_folder/content/0/Eckhardt_LAS_1987.pdf?forcedownload=1}
  }

@article{metropolis1987beginning,
  title={The beginning of the Monte Carlo method},
  author={Metropolis, Nicholas},
  journal={Los Alamos Science},
  number={15},
  pages={125--130},
  year={1987},
  pdf={https://library.lanl.gov/cgi-bin/getfile?00326866.pdf}
}

@book{Foata_Fuchs96,
  author    = {D. Foata and A. Fuchs},
  publisher = {Masson},
  title     = {Calcul des probabilit{\'e}s: cours et exercices corrig{\'e}s},
  year      = {1996},
}

@article{Barbe_Ledoux06,
  title={Cours de Probabilite Pour la Licence (corrig{\'e}e)},
  author={Barbe, Philippe and Ledoux, Michel},
  year={2006}
}
